@inproceedings{zomorodian2004computing,
  title={Computing persistent homology},
  author={Zomorodian, Afra and Carlsson, Gunnar},
  booktitle={Proceedings of the twentieth annual symposium on Computational geometry},
  pages={347--356},
  year={2004}
}

@inproceedings{bubenik2020persistence,
  title={The persistence landscape and some of its properties},
  author={Bubenik, Peter},
  booktitle={Topological Data Analysis: The Abel Symposium 2018},
  pages={97--117},
  year={2020},
  organization={Springer}
}

@article{ben2015projectors,
  title={Projectors on intersection of subspaces},
  author={Ben-Israel, Adi},
  journal={Contemporary Mathematics},
  volume={636},
  pages={41--50},
  year={2015},
  publisher={American Mathematical Society}
}
@article{dey2021computing,
  title={Computing generalized rank invariant for 2-parameter persistence modules via zigzag persistence and its applications},
  author={Dey, Tamal K and Kim, Woojin and M{\'e}moli, Facundo},
  journal={arXiv preprint arXiv:2111.15058},
  year={2021}
}
@article{mccleary2022edit,
  title={Edit distance and persistence diagrams over lattices},
  author={McCleary, Alexander and Patel, Amit},
  journal={SIAM Journal on Applied Algebra and Geometry},
  volume={6},
  number={2},
  pages={134--155},
  year={2022},
  publisher={SIAM}
}
@article{anderson1969series,
  title={Series and parallel addition of matrices},
  author={Anderson Jr, William N and Duffin, Richard James},
  journal={Journal of Mathematical Analysis and Applications},
  volume={26},
  number={3},
  pages={576--594},
  year={1969},
  publisher={Elsevier}
}
@article{horak2013spectra,
  title={Spectra of combinatorial Laplace operators on simplicial complexes},
  author={Horak, Danijela and Jost, J{\"u}rgen},
  journal={Advances in Mathematics},
  volume={244},
  pages={303--336},
  year={2013},
  publisher={Elsevier}
}
@article{memoli2022persistent,
  title={Persistent Laplacians: Properties, algorithms and implications},
  author={M{\'e}moli, Facundo and Wan, Zhengchao and Wang, Yusu},
  journal={SIAM Journal on Mathematics of Data Science},
  volume={4},
  number={2},
  pages={858--884},
  year={2022},
  publisher={SIAM}
}
@article{ben1967geometry,
  title={On the geometry of subspaces in Euclidean n-spaces},
  author={Ben-Israel, Adi},
  journal={SIAM Journal on Applied Mathematics},
  volume={15},
  number={5},
  pages={1184--1198},
  year={1967},
  publisher={SIAM}
}

@article{adams2017persistence,
  title={Persistence images: A stable vector representation of persistent homology},
  author={Adams, Henry and Emerson, Tegan and Kirby, Michael and Neville, Rachel and Peterson, Chris and Shipman, Patrick and Chepushtanova, Sofya and Hanson, Eric and Motta, Francis and Ziegelmeier, Lori},
  journal={Journal of Machine Learning Research},
  volume={18},
  year={2017}
}
@article{kim2020pllay,
  title={Pllay: Efficient topological layer based on persistent landscapes},
  author={Kim, Kwangho and Kim, Jisu and Zaheer, Manzil and Kim, Joon and Chazal, Fr{\'e}d{\'e}ric and Wasserman, Larry},
  journal={Advances in Neural Information Processing Systems},
  volume={33},
  pages={15965--15977},
  year={2020}
}
@inproceedings{som2020pi,
  title={Pi-net: A deep learning approach to extract topological persistence images},
  author={Som, Anirudh and Choi, Hongjun and Ramamurthy, Karthikeyan Natesan and Buman, Matthew P and Turaga, Pavan},
  booktitle={Proceedings of the IEEE/CVF conference on computer vision and pattern recognition workshops},
  pages={834--835},
  year={2020}
}

@book{bhatia2013matrix,
  title={Matrix analysis},
  author={Bhatia, Rajendra},
  volume={169},
  year={2013},
  publisher={Springer Science \& Business Media}
}

@inproceedings{edelsbrunner2000topological,
  title={Topological persistence and simplification},
  author={Edelsbrunner, Herbert and Letscher, David and Zomorodian, Afra},
  booktitle={Proceedings 41st annual symposium on foundations of computer science},
  pages={454--463},
  year={2000},
  organization={IEEE}
}
@article{bauer2022keeping,
  title={Keeping it sparse: Computing Persistent Homology revised},
  author={Bauer, Ulrich and Masood, Talha Bin and Giunti, Barbara and Houry, Guillaume and Kerber, Michael and Rathod, Abhishek},
  journal={arXiv preprint arXiv:2211.09075},
  year={2022}
}
@book{golub2013matrix,
  title={Matrix computations},
  author={Golub, Gene H and Van Loan, Charles F},
  year={2013},
  publisher={JHU press}
}
@article{lanczos1950iteration,
  title={An iteration method for the solution of the eigenvalue problem of linear differential and integral operators},
  author={Lanczos, Cornelius},
  year={1950},
  publisher={United States Governm. Press Office Los Angeles, CA}
}
@inproceedings{milosavljevic2011zigzag,
  title={Zigzag persistent homology in matrix multiplication time},
  author={Milosavljevi{\'c}, Nikola and Morozov, Dmitriy and Skraba, Primoz},
  booktitle={Proceedings of the twenty-seventh Annual Symposium on Computational Geometry},
  pages={216--225},
  year={2011}
}
@book{bauschke2011convex,
  title={Convex analysis and monotone operator theory in Hilbert spaces},
  author={Bauschke, Heinz H and Combettes, Patrick L and others},
  volume={408},
  year={2011},
  publisher={Springer}
}
@article{simon1984analysis,
  title={Analysis of the symmetric Lanczos algorithm with reorthogonalization methods},
  author={Simon, Horst D},
  journal={Linear algebra and its applications},
  volume={61},
  pages={101--131},
  year={1984},
  publisher={Elsevier}
}
@article{stathopoulos2007nearly,
  title={Nearly optimal preconditioned methods for Hermitian eigenproblems under limited memory. Part II: Seeking many eigenvalues},
  author={Stathopoulos, Andreas and McCombs, James R},
  journal={SIAM Journal on Scientific Computing},
  volume={29},
  number={5},
  pages={2162--2188},
  year={2007},
  publisher={SIAM}
}
@inproceedings{jambulapati2021ultrasparse,
  title={Ultrasparse ultrasparsifiers and faster laplacian system solvers},
  author={Jambulapati, Arun and Sidford, Aaron},
  booktitle={Proceedings of the 2021 ACM-SIAM Symposium on Discrete Algorithms (SODA)},
  pages={540--559},
  year={2021},
  organization={SIAM}
}
@article{jiang2018unified,
  title={A unified approach to operator monotone functions},
  author={Jiang, Tianpei and Sendov, Hristo},
  journal={Linear Algebra and its Applications},
  volume={541},
  pages={185--210},
  year={2018},
  publisher={Elsevier}
}
@article{ben2015projectors,
  title={Projectors on intersection of subspaces},
  author={Ben-Israel, Adi},
  journal={Contemporary Mathematics},
  volume={636},
  pages={41--50},
  year={2015},
  publisher={American Mathematical Society}
}
@book{edelsbrunner2022computational,
  title={Computational topology: an introduction},
  author={Edelsbrunner, Herbert and Harer, John L},
  year={2022},
  publisher={American Mathematical Society}
}
@article{bauer2021ripser,
  title={Ripser: efficient computation of Vietoris--Rips persistence barcodes},
  author={Bauer, Ulrich},
  journal={Journal of Applied and Computational Topology},
  volume={5},
  number={3},
  pages={391--423},
  year={2021},
  publisher={Springer}
}
@article{ding2018spectral,
  title={Spectral operators of matrices},
  author={Ding, Chao and Sun, Defeng and Sun, Jie and Toh, Kim-Chuan},
  journal={Mathematical Programming},
  volume={168},
  number={1},
  pages={509--531},
  year={2018},
  publisher={Springer}
}
@book{dey2022computational,
  title={Computational topology for data analysis},
  author={Dey, Tamal Krishna and Wang, Yusu},
  year={2022},
  publisher={Cambridge University Press}
}
@inproceedings{chen2011output,
  title={An output-sensitive algorithm for persistent homology},
  author={Chen, Chao and Kerber, Michael},
  booktitle={Proceedings of the twenty-seventh annual symposium on Computational geometry},
  pages={207--216},
  year={2011}
}
@inproceedings{cohen2006vines,
  title={Vines and vineyards by updating persistence in linear time},
  author={Cohen-Steiner, David and Edelsbrunner, Herbert and Morozov, Dmitriy},
  booktitle={Proceedings of the twenty-second annual symposium on Computational geometry},
  pages={119--126},
  year={2006}
}
@incollection{bauer2020persistence,
  title={Persistence diagrams as diagrams: A categorification of the stability theorem},
  author={Bauer, Ulrich and Lesnick, Michael},
  booktitle={Topological Data Analysis},
  pages={67--96},
  year={2020},
  publisher={Springer}
}
@inproceedings{cohen2005stability,
  title={Stability of persistence diagrams},
  author={Cohen-Steiner, David and Edelsbrunner, Herbert and Harer, John},
  booktitle={Proceedings of the twenty-first annual symposium on Computational geometry},
  pages={263--271},
  year={2005}
}
@book{chazal2016structure,
  title={The structure and stability of persistence modules},
  author={Chazal, Fr{\'e}d{\'e}ric and De Silva, Vin and Glisse, Marc and Oudot, Steve},
  volume={10},
  year={2016},
  publisher={Springer}
}
@article{cerri2013betti,
  title={Betti numbers in multidimensional persistent homology are stable functions},
  author={Cerri, Andrea and Fabio, Barbara Di and Ferri, Massimo and Frosini, Patrizio and Landi, Claudia},
  journal={Mathematical Methods in the Applied Sciences},
  volume={36},
  number={12},
  pages={1543--1557},
  year={2013},
  publisher={Wiley Online Library}
}
@article{simon1984analysis,
  title={Analysis of the symmetric Lanczos algorithm with reorthogonalization methods},
  author={Simon, Horst D},
  journal={Linear algebra and its applications},
  volume={61},
  pages={101--131},
  year={1984},
  publisher={Elsevier}
}
@article{parlett1994we,
  title={Do we fully understand the symmetric Lanczos algorithm yet},
  author={Parlett, Beresford N},
  journal={Brown et al},
  volume={3},
  pages={93--107},
  year={1994}
}
@article{gu1995divide,
  title={A divide-and-conquer algorithm for the symmetric tridiagonal eigenproblem},
  author={Gu, Ming and Eisenstat, Stanley C},
  journal={SIAM Journal on Matrix Analysis and Applications},
  volume={16},
  number={1},
  pages={172--191},
  year={1995},
  publisher={SIAM}
}
@mastersthesis{newman2001laplacian,
  title={The Laplacian spectrum of graphs},
  author={Newman, Michael William},
  year={2001}
}
@book{chung1997spectral,
  title={Spectral graph theory},
  author={Chung, Fan RK},
  volume={92},
  year={1997},
  publisher={American Mathematical Soc.}
}
@article{chen1996class,
  title={A class of smoothing functions for nonlinear and mixed complementarity problems},
  author={Chen, Chunhui and Mangasarian, Olvi L},
  journal={Computational Optimization and Applications},
  volume={5},
  number={2},
  pages={97--138},
  year={1996},
  publisher={Springer}
}
@article{bi2013approximation,
  title={Approximation of rank function and its application to the nearest low-rank correlation matrix},
  author={Bi, Shujun and Han, Le and Pan, Shaohua},
  journal={Journal of Global Optimization},
  volume={57},
  number={4},
  pages={1113--1137},
  year={2013},
  publisher={Springer}
}


