@inproceedings{zomorodian2004computing,
  title={Computing persistent homology},
  author={Zomorodian, Afra and Carlsson, Gunnar},
  booktitle={Proceedings of the twentieth annual symposium on Computational geometry},
  pages={347--356},
  year={2004}
}
@inproceedings{edelsbrunner2000topological,
  title={Topological persistence and simplification},
  author={Edelsbrunner, Herbert and Letscher, David and Zomorodian, Afra},
  booktitle={Proceedings 41st annual symposium on foundations of computer science},
  pages={454--463},
  year={2000},
  organization={IEEE}
}
@book{golub2013matrix,
  title={Matrix computations},
  author={Golub, Gene H and Van Loan, Charles F},
  year={2013},
  publisher={JHU press}
}
@article{bauer2022keeping,
  title={Keeping it sparse: Computing Persistent Homology revised},
  author={Bauer, Ulrich and Masood, Talha Bin and Giunti, Barbara and Houry, Guillaume and Kerber, Michael and Rathod, Abhishek},
  journal={arXiv preprint arXiv:2211.09075},
  year={2022}
}
@inproceedings{chazal2009gromov,
  title={Gromov-Hausdorff stable signatures for shapes using persistence},
  author={Chazal, Fr{\'e}d{\'e}ric and Cohen-Steiner, David and Guibas, Leonidas J and M{\'e}moli, Facundo and Oudot, Steve Y},
  booktitle={Computer Graphics Forum},
  volume={28},
  number={5},
  pages={1393--1403},
  year={2009},
  organization={Wiley Online Library}
}
@inproceedings{scoccola2023fibered,
  title={FibeRed: Fiberwise Dimensionality Reduction of Topologically Complex Data with Vector Bundles},
  author={Scoccola, Luis and Perea, Jose A},
  booktitle={39th International Symposium on Computational Geometry (SoCG 2023)},
  year={2023},
  organization={Schloss Dagstuhl-Leibniz-Zentrum f{\"u}r Informatik}
}
@inproceedings{perea2016persistent,
  title={Persistent homology of toroidal sliding window embeddings},
  author={Perea, Jose A},
  booktitle={2016 IEEE International Conference on Acoustics, Speech and Signal Processing (ICASSP)},
  pages={6435--6439},
  year={2016},
  organization={IEEE}
}
@article{pun2018persistent,
  title={Persistent-Homology-based Machine Learning and its Applications--A Survey},
  author={Pun, Chi Seng and Xia, Kelin and Lee, Si Xian},
  journal={arXiv preprint arXiv:1811.00252},
  year={2018}
}
@book{bhatia2013matrix,
  title={Matrix analysis},
  author={Bhatia, Rajendra},
  volume={169},
  year={2013},
  publisher={Springer Science \& Business Media}
}
@article{lanczos1950iteration,
  title={An iteration method for the solution of the eigenvalue problem of linear differential and integral operators},
  author={Lanczos, Cornelius},
  year={1950},
  publisher={United States Governm. Press Office Los Angeles, CA}
}
@article{zhao2012approximation,
  title={An approximation theory of matrix rank minimization and its application to quadratic equations},
  author={Zhao, Yun-Bin},
  journal={Linear Algebra and its Applications},
  volume={437},
  number={1},
  pages={77--93},
  year={2012},
  publisher={Elsevier}
}
@article{goldberg2002combinatorial,
  title={Combinatorial Laplacians of simplicial complexes},
  author={Goldberg, Timothy E},
  journal={Senior Thesis, Bard College},
  volume={6},
  year={2002}
}
@inproceedings{milosavljevic2011zigzag,
  title={Zigzag persistent homology in matrix multiplication time},
  author={Milosavljevi{\'c}, Nikola and Morozov, Dmitriy and Skraba, Primoz},
  booktitle={Proceedings of the twenty-seventh Annual Symposium on Computational Geometry},
  pages={216--225},
  year={2011}
}
@article{kim2021spatiotemporal,
  title={Spatiotemporal persistent homology for dynamic metric spaces},
  author={Kim, Woojin and M{\'e}moli, Facundo},
  journal={Discrete \& Computational Geometry},
  volume={66},
  pages={831--875},
  year={2021},
  publisher={Springer}
}
@article{turner2014persistent,
  title={Persistent homology transform for modeling shapes and surfaces},
  author={Turner, Katharine and Mukherjee, Sayan and Boyer, Doug M},
  journal={Information and Inference: A Journal of the IMA},
  volume={3},
  number={4},
  pages={310--344},
  year={2014},
  publisher={Oxford University Press}
}
@article{ben2015projectors,
  title={Projectors on intersection of subspaces},
  author={Ben-Israel, Adi},
  journal={Contemporary Mathematics},
  volume={636},
  pages={41--50},
  year={2015},
  publisher={American Mathematical Society}
}
@book{edelsbrunner2022computational,
  title={Computational topology: an introduction},
  author={Edelsbrunner, Herbert and Harer, John L},
  year={2022},
  publisher={American Mathematical Society}
}
@article{bauer2021ripser,
  title={Ripser: efficient computation of Vietoris--Rips persistence barcodes},
  author={Bauer, Ulrich},
  journal={Journal of Applied and Computational Topology},
  volume={5},
  number={3},
  pages={391--423},
  year={2021},
  publisher={Springer}
}
@article{ding2018spectral,
  title={Spectral operators of matrices},
  author={Ding, Chao and Sun, Defeng and Sun, Jie and Toh, Kim-Chuan},
  journal={Mathematical Programming},
  volume={168},
  number={1},
  pages={509--531},
  year={2018},
  publisher={Springer}
}
@techreport{mangasarian1994class,
  title={A class of smoothing functions for nonlinear and mixed complementarity problems},
  author={Mangasarian, Olvi and Chen, Chunhui},
  year={1994}
}
@book{dey2022computational,
  title={Computational topology for data analysis},
  author={Dey, Tamal Krishna and Wang, Yusu},
  year={2022},
  publisher={Cambridge University Press}
}
@inproceedings{chen2011output,
  title={An output-sensitive algorithm for persistent homology},
  author={Chen, Chao and Kerber, Michael},
  booktitle={Proceedings of the twenty-seventh annual symposium on Computational geometry},
  pages={207--216},
  year={2011}
}
@inproceedings{cohen2006vines,
  title={Vines and vineyards by updating persistence in linear time},
  author={Cohen-Steiner, David and Edelsbrunner, Herbert and Morozov, Dmitriy},
  booktitle={Proceedings of the twenty-second annual symposium on Computational geometry},
  pages={119--126},
  year={2006}
}
@incollection{bauer2020persistence,
  title={Persistence diagrams as diagrams: A categorification of the stability theorem},
  author={Bauer, Ulrich and Lesnick, Michael},
  booktitle={Topological Data Analysis},
  pages={67--96},
  year={2020},
  publisher={Springer}
}
@inproceedings{cohen2005stability,
  title={Stability of persistence diagrams},
  author={Cohen-Steiner, David and Edelsbrunner, Herbert and Harer, John},
  booktitle={Proceedings of the twenty-first annual symposium on Computational geometry},
  pages={263--271},
  year={2005}
}
@book{chazal2016structure,
  title={The structure and stability of persistence modules},
  author={Chazal, Fr{\'e}d{\'e}ric and De Silva, Vin and Glisse, Marc and Oudot, Steve},
  volume={10},
  year={2016},
  publisher={Springer}
}
@article{cerri2013betti,
  title={Betti numbers in multidimensional persistent homology are stable functions},
  author={Cerri, Andrea and Fabio, Barbara Di and Ferri, Massimo and Frosini, Patrizio and Landi, Claudia},
  journal={Mathematical Methods in the Applied Sciences},
  volume={36},
  number={12},
  pages={1543--1557},
  year={2013},
  publisher={Wiley Online Library}
}
@article{simon1984analysis,
  title={Analysis of the symmetric Lanczos algorithm with reorthogonalization methods},
  author={Simon, Horst D},
  journal={Linear algebra and its applications},
  volume={61},
  pages={101--131},
  year={1984},
  publisher={Elsevier}
}
@article{parlett1994we,
  title={Do we fully understand the symmetric Lanczos algorithm yet},
  author={Parlett, Beresford N},
  journal={Brown et al},
  volume={3},
  pages={93--107},
  year={1994}
}
@article{memoli2022persistent,
  title={Persistent Laplacians: Properties, algorithms and implications},
  author={M{\'e}moli, Facundo and Wan, Zhengchao and Wang, Yusu},
  journal={SIAM Journal on Mathematics of Data Science},
  volume={4},
  number={2},
  pages={858--884},
  year={2022},
  publisher={SIAM}
}
@article{horak2013spectra,
  title={Spectra of combinatorial Laplace operators on simplicial complexes},
  author={Horak, Danijela and Jost, J{\"u}rgen},
  journal={Advances in Mathematics},
  volume={244},
  pages={303--336},
  year={2013},
  publisher={Elsevier}
}
@article{gu1995divide,
  title={A divide-and-conquer algorithm for the symmetric tridiagonal eigenproblem},
  author={Gu, Ming and Eisenstat, Stanley C},
  journal={SIAM Journal on Matrix Analysis and Applications},
  volume={16},
  number={1},
  pages={172--191},
  year={1995},
  publisher={SIAM}
}
@mastersthesis{newman2001laplacian,
  title={The Laplacian spectrum of graphs},
  author={Newman, Michael William},
  year={2001}
}
@article{nigmetov2022topological,
  title={Topological Optimization with Big Steps},
  author={Nigmetov, Arnur and Morozov, Dmitriy},
  journal={arXiv preprint arXiv:2203.16748},
  year={2022}
}
@book{chung1997spectral,
  title={Spectral graph theory},
  author={Chung, Fan RK},
  volume={92},
  year={1997},
  publisher={American Mathematical Soc.}
}
@article{perea2018brief,
  title={A brief history of persistence},
  author={Perea, Jose A},
  journal={arXiv preprint arXiv:1809.03624},
  year={2018}
}
@article{adams2017persistence,
  title={Persistence images: A stable vector representation of persistent homology},
  author={Adams, Henry and Emerson, Tegan and Kirby, Michael and Neville, Rachel and Peterson, Chris and Shipman, Patrick and Chepushtanova, Sofya and Hanson, Eric and Motta, Francis and Ziegelmeier, Lori},
  journal={Journal of Machine Learning Research},
  volume={18},
  year={2017}
}
@article{bubenik2015statistical,
  title={Statistical topological data analysis using persistence landscapes.},
  author={Bubenik, Peter and others},
  journal={J. Mach. Learn. Res.},
  volume={16},
  number={1},
  pages={77--102},
  year={2015}
}
@article{perea2022approximating,
  title={Approximating continuous functions on persistence diagrams using template functions},
  author={Perea, Jose A and Munch, Elizabeth and Khasawneh, Firas A},
  journal={Foundations of Computational Mathematics},
  pages={1--58},
  year={2022},
  publisher={Springer}
}
@article{piekenbrock2021move,
  title={Move Schedules: Fast persistence computations in coarse dynamic settings},
  author={Piekenbrock, Matthew and Perea, Jose A},
  journal={arXiv preprint arXiv:2104.12285},
  year={2021}
}
@article{chen1996class,
  title={A class of smoothing functions for nonlinear and mixed complementarity problems},
  author={Chen, Chunhui and Mangasarian, Olvi L},
  journal={Computational Optimization and Applications},
  volume={5},
  number={2},
  pages={97--138},
  year={1996},
  publisher={Springer}
}
@article{bi2013approximation,
  title={Approximation of rank function and its application to the nearest low-rank correlation matrix},
  author={Bi, Shujun and Han, Le and Pan, Shaohua},
  journal={Journal of Global Optimization},
  volume={57},
  number={4},
  pages={1113--1137},
  year={2013},
  publisher={Springer}
}


